@article{toolformer2023,
  title={Toolformer: Language Models Can Teach Themselves to Use Tools},
  author={Schick, Timo and Dwivedi-Yu, Jane and Dess√¨, Roberto and Raileanu, Roberta and Lomeli, Maria and Zettlemoyer, Luke and Cancedda, Nicola and Scialom, Thomas},
  journal={arXiv preprint arXiv:2302.04761},
  year={2023}
}

@article{wang2023lam,
  title={Large Action Models: From Inception to Implementation},
  author={Wang, Zhiyuan and Gu, Yixin and Ding, Zhuohan and Jiang, Yicheng and Jiang, Xiangyu and Ding, Yifan and Zhao, Zijun and Zhao, Qingxiu and Zhao, Yiwen and Dong, Yihan and others},
  journal={arXiv preprint arXiv:2402.01686},
  year={2023}
}

@article{toolllm2023,
  title={ToolLLM: Facilitating Large Language Models to Master 16000+ Real-world APIs},
  author={Qin, Yujia and Liang, Shengding and Ye, Houqiang and Zhu, Meng and Zhao, Chunyuan and Li, Shengnan and Chen, Yusheng and Ding, Zhuohao and Xu, Chavalit and others},
  journal={arXiv preprint arXiv:2307.16789},
  year={2023}
}

@article{xlam2024,
  title={xLAM: A Family of Large Action Models},
  author={Zhao, Yifan and Ding, Zhuohan and Gu, Yixin and Wang, Zhiyuan and Jiang, Yicheng and Jiang, Xiangyu and Zhao, Zijun and Zhao, Qingxiu and Zhao, Yiwen and Dong, Yihan and others},
  journal={arXiv preprint arXiv:2402.01086},
  year={2024}
}

@article{mas_survey2023,
  title={A Survey on Large Language Model based Autonomous Agents},
  author={Wang, Lei and Chen, Wanyu and Peng, Jian and Wu, Siheng and Xi, Zidong and He, Haifeng and Xie, Yuxi and Bian, Jiang and Min, Yong},
  journal={arXiv preprint arXiv:2308.11432},
  year={2023}
}

@article{mas_business2023,
  title={LLM-based Multi-Agent Systems: Techniques and Business Perspectives},
  author={Zhao, Yue and Jiang, Yicheng and Gu, Yixin and Wang, Zhiyuan and Ding, Zhuohan and Jiang, Xiangyu and Zhao, Zijun and Zhao, Qingxiu and Zhao, Yiwen and Dong, Yihan and others},
  journal={arXiv preprint arXiv:2311.05657},
  year={2023}
}
